<record><leader>00000cas a22000007a 4500</leader><controlfield tag="001">24483216</controlfield><controlfield tag="008">911002d18891901gauwr ne      0    0eng d</controlfield><datafield ind1=" " ind2=" " tag="010"><subfield code="a">sn 91099173 </subfield></datafield><datafield ind1=" " ind2=" " tag="040"><subfield code="a">NLG</subfield><subfield code="b">eng</subfield><subfield code="c">NLG</subfield><subfield code="d">NVJ</subfield><subfield code="d">OCLCQ</subfield></datafield><datafield ind1=" " ind2=" " tag="042"><subfield code="a">msc</subfield></datafield><datafield ind1="0" ind2="4" tag="245"><subfield code="a">The Morganton herald.</subfield></datafield><datafield ind1=" " ind2=" " tag="260"><subfield code="a">Morganton, N.C. :</subfield><subfield code="b">W.C. Ervin</subfield></datafield><datafield ind1=" " ind2=" " tag="300"><subfield code="a">v.</subfield></datafield><datafield ind1=" " ind2=" " tag="310"><subfield code="a">Weekly</subfield></datafield><datafield ind1="0" ind2=" " tag="362"><subfield code="a">Vol. 5, no. 34 (Nov. 7, 1889)-</subfield></datafield><datafield ind1="1" ind2=" " tag="362"><subfield code="a">Ceased in 1901.</subfield></datafield><datafield ind1=" " ind2=" " tag="752"><subfield code="a">United States</subfield><subfield code="b">North Carolina</subfield><subfield code="c">Burke</subfield><subfield code="d">Morganton.</subfield></datafield><datafield ind1="0" ind2="0" tag="780"><subfield code="t">Morganton star</subfield><subfield code="w">(DLC)sn 91068498</subfield></datafield><datafield ind1="0" ind2="5" tag="780"><subfield code="t">Farmer's friend</subfield><subfield code="w">(DLC)sn 91099172</subfield></datafield><datafield ind1="0" ind2="7" tag="785"><subfield code="t">Burke County news</subfield><subfield code="w">(DLC)sn 91068499</subfield></datafield><datafield ind1="0" ind2="7" tag="785"><subfield code="t">News-herald (Morganton, N.C.)</subfield><subfield code="w">(DLC)sn 84001806</subfield></datafield></record>